@misc{PHP,
author = {PHP.NET},
title = {Manual do PHP},
year = "2011",
url = "\url{http://www.php.net/manual/pt_BR}",
urlaccessdate = "24 de fevereiro de 2011"
}

@misc{Wiki:PHP,
author = {Wikipedia},
title = "PHP",
year = "2011",
url = "\url{http://en.wikipedia.org/wiki/PHP}",
urlaccessdate = "24 de fevereiro de 2011"
}

@misc{InfoQ:Facebook,
author = {InfoQ},
title = "Facebook: Science and the Social Graph",
year = "2009",
url= "\url{http://www.infoq.com/presentations/Facebook-Software-Stack}",
urlaccessdate = "24 de fevereiro de 2011"
}

@misc{Wikipedia:Arquitetura,
author = {Wikipedia},
title = "Wikipedia:FAQ/Technical - What software is used to run Wikipedia?",
year = "2011",
url= "\url{http://en.wikipedia.org/wiki/Wikipedia:FAQ/Technical#What_software_is_used_to_run_Wikipedia.3F}",
urlaccessdate = "24 de fevereiro de 2011"
}

@misc{Wordpress,
author = {Wordpress},
title = "About Wordpress",
year = "2011",
url= "\url{http://wordpress.org/about/}",
urlaccessdate = "24 de fevereiro de 2011"
}

@book{Minetto,
author = {Elton Luís Minetto},
title = {Frameworks para Desenvolvimento em PHP},
publisher = {Novatec},
year = {2007},
address={Chapecó - SC}
}

@book{Fowler:2006,
author = {Martin Fowler},
title = {Padrões de Arquitetura de Aplicações Corporativas},
publisher = {Bookman},
year = {2006},
address={São Paulo}
}

@misc{Chen,
author = {Nicholas Chen},
title = "Convention over Configuration",
year = "2006",
url= "\url{http://softwareengineering.vazexqi.com/files/pattern.html}",
urlaccessdate = "24 de fevereiro de 2011"
}

﻿@incollection {springerlink,
   author = {Cabibbo, Luca and Carosi, Antonio},
   title = {Managing Inheritance Hierarchies in Object/Relational Mapping Tools},
   booktitle = {Advanced Information Systems Engineering},
   year = {2005},
   series = {Lecture Notes in Computer Science},
   editor = {Pastor, Oscar and Falcão e Cunha, João},
   publisher = {Springer Berlin / Heidelberg},
   pages = {93-124},
   volume = {3520},
   url = "\url{http://dx.doi.org/10.1007/11431855_11}",
   affiliation = {Dipartimento di Informatica e Automazione, Università degli studi Roma Tre}
}

@misc{postgresql,
author = {PostgreSQL},
title = "Introdução e Histórico",
year = "2003",
url= "\url{http://wiki.postgresql.org/wiki/Introdu%C3%A7%C3%A3o_e_Hist%C3%B3rico}",
urlaccessdate = "25 de fevereiro de 2011"
}

@misc{sfguardplugin,
author = {Symfony},
title = "Plugins: sfGuardPlugin",
year = "2010",
url= "\url{http://www.symfony-project.org/plugins/sfGuardPlugin}",
urlaccessdate = "27 de fevereiro de 2011"
}

@book{Freitas:1997,
author = {Henrique Freitas},
title = {Informação e decisão: sistemas de apoio e seu impacto},
publisher = {Ortiz},
year = {1997},
address={Porto Alegre}
}

@book{sommerville:2003,
author = {Ian Sommerville},
title = {Engenharia de Software},
publisher = {Addison Wesley},
year = {2003},
address={São Paulo}
}

@misc{symfony:about,
author = {Symfony},
title = "About Symfony",
year = "2011",
url= "\url{http://www.symfony-project.org/about}",
urlaccessdate = "21 de abril de 2011"
}

@article{Korson:1990:UOU:83880.84459,
 author = {Korson, Tim and McGregor, John D.},
 title = {Understanding object-oriented: a unifying paradigm},
 journal = {Commun. ACM},
 volume = {33},
 issue = {9},
 month = {September},
 year = {1990},
 issn = {0001-0782},
 pages = {40--60},
 numpages = {21},
 url = {http://doi.acm.org/10.1145/83880.84459},
 doi = {http://doi.acm.org/10.1145/83880.84459},
 acmid = {84459},
 publisher = {ACM},
 address = {New York, NY, USA},
} 

@book{Codd:1990:RMD:77708,
 author = {Codd, E. F.},
 title = {The relational model for database management: version 2},
 year = {1990},
 isbn = {0-201-14192-2},
 publisher = {Addison-Wesley Longman Publishing Co., Inc.},
 address = {Boston, MA, USA},
} 

@article{Stonebraker:1986:DP:16856.16888,
 author = {Stonebraker, Michael and Rowe, Lawrence A.},
 title = {The design of POSTGRES},
 journal = {SIGMOD Rec.},
 volume = {15},
 issue = {2},
 month = {June},
 year = {1986},
 issn = {0163-5808},
 pages = {340--355},
 numpages = {16},
 url = {http://doi.acm.org/10.1145/16856.16888},
 doi = {http://doi.acm.org/10.1145/16856.16888},
 acmid = {16888},
 publisher = {ACM},
 address = {New York, NY, USA},
}

@misc{netbeans,
author = {NetBeans},
title = "NetBeans IDE",
year = "2011",
url= "\url{http://netbeans.org}",
urlaccessdate = "21 de abril de 2011"
}

@misc{doctrine,
author = {Doctrine},
title = "PHP Object Persistence Libraries and More",
year = "2011",
url= "\url{http://www.doctrine-project.org/}",
urlaccessdate = "21 de abril de 2011"
}

@misc{rfc3174,
  author="D. {Eastlake 3rd} and P. Jones",
  title="{US Secure Hash Algorithm 1 (SHA1)}",
  series="Request for Comments",
  number="3174",
  howpublished="RFC 3174 (Informational)",
  publisher="IETF",
  organization="Internet Engineering Task Force",
  year=2001,
  month=Setembro,
  note="Updated by RFC 4634",
  url="http://www.ietf.org/rfc/rfc3174.txt",
}

@misc{rfc1321,
  author="R. Rivest",
  title="{The MD5 Message-Digest Algorithm}",
  series="Request for Comments",
  number="1321",
  howpublished="RFC 1321 (Informational)",
  publisher="IETF",
  organization="Internet Engineering Task Force",
  year=1992,
  month=Abril,
    note="Updated by RFC 6151",
  url="http://www.ietf.org/rfc/rfc1321.txt",
}

